@misc{NWPUThesisLaTeXTemplate,
title={LaTeX-Template-For-NPU-Thesis},
author={Shangkun Shen},
year={2016},
month={05}}

